%% Created using Papers on Mon, 13 May 2013.
%% http://mekentosj.com/papers/

@article{Tessier:2012js,
author = {Tessier, Micka{\"e}l D and Javaux, Cl{\'e}mentine and Maksimovic, Ivan and Loriette, Vincent and Dubertret, Benoit},
title = {{Spectroscopy of Single CdSe Nanoplatelets}},
journal = {ACS Nano},
year = {2012},
volume = {6},
number = {8},
pages = {6751--6758},
month = aug
}

@article{Gupta:2006im,
author = {Gupta, Suresh and Zhang, Qingling and Emrick, Todd and Russell, Thomas P},
title = {{``Self-Corralling'' Nanorods under an Applied Electric Field}},
journal = {Nano Lett.},
year = {2006},
volume = {6},
number = {9},
pages = {2066--2069},
month = sep
}

@article{KRATKY:1949un,
author = {KRATKY, O and POROD, G},
title = {{Diffuse small-angle scattering of X-rays in colloid systems.}},
journal = {J Colloid Sci},
year = {1949},
volume = {4},
number = {1},
pages = {35--70},
month = feb
}

@article{Young:2012wv,
author = {Young, KL and Jones, MR and Zhang, J},
title = {{Assembly of reconfigurable one-dimensional colloidal superlattices due to a synergy of fundamental nanoscale forces}},
journal = {Proceedings of the {\ldots}},
year = {2012}
}

@article{Veerman:1992wh,
author = {Veerman, JA and Frenkel, D},
title = {{Phase behavior of disklike hard-core mesogens.}},
journal = {Phys. Rev., A},
year = {1992},
volume = {45},
number = {8},
pages = {5632--5648},
month = apr
}

@article{GodfreyAlig:2006ja,
author = {Godfrey Alig, A R and Akbulut, M and Golan, Y and Israelachvili, J},
title = {{Forces between Surfactant-Coated ZnS Nanoparticles in Dodecane: Effect of Water}},
journal = {Adv. Funct. Mater.},
year = {2006},
volume = {16},
number = {16},
pages = {2127--2134},
month = oct
}

@article{Saunders:2006hu,
author = {Saunders, Aaron E and Ghezelbash, Ali and Smilgies, Detlef-M and Sigman, Michael B and Korgel, Brian A},
title = {{Columnar Self-Assembly of Colloidal Nanodisks}},
journal = {Nano Lett.},
year = {2006},
volume = {6},
number = {12},
pages = {2959--2963},
month = dec
}

@article{Ye:2013dh,
author = {Ye, Xingchen and Chen, Jun and Engel, Michael and Millan, Jaime A and Li, Wenbin and Qi, Liang and Xing, Guozhong and Collins, Joshua E and Kagan, Cherie R and Li, Ju and Glotzer, Sharon C and Murray, Christopher B},
title = {{Competition of shape and interaction patchiness for self-assembling nanoplates}},
journal = {Nature Chemistry},
year = {2013},
pages = {1--8},
month = may
}

@article{Smilgies:2009et,
author = {Smilgies, D M},
title = {{Scherrer grain-size analysis adapted to grazing-incidence scattering with area detectors}},
journal = {J. Appl. Cryst (2009). 42, 1030-1034  [doi:10.1107/S0021889809040126]},
year = {2009},
pages = {1--5},
month = oct
}

@article{RADONS:1983tg,
author = {RADONS, G and KELLER, J and GEISEL, T},
title = {{Dynamical Structure Factor of a One-Dimensional Harmonic Liquid - Comparison of Different Approximation Methods}},
journal = {Z Phys B Con Mat},
year = {1983},
volume = {50},
number = {4},
pages = {289--296}
}

@article{Emery:1978vm,
author = {Emery, VJ and Axe, JD},
title = {{One-Dimensional Fluctuations and the Chain-Ordering Transformation in Hg_ {3-δ} AsF_ {6}}},
journal = {Phys. Rev. Lett.},
year = {1978},
volume = {40},
number = {23},
pages = {1507--1511}
}

@article{Xia:2011gv,
author = {Xia, Yunsheng and Nguyen, Trung Dac and Yang, Ming and Lee, Byeongdu and Santos, Aaron and Podsiadlo, Paul and Tang, Zhiyong and Glotzer, Sharon C and Kotov, Nicholas A},
title = {{Self-assembly of self-limiting monodisperse supraparticles from polydisperse nanoparticles}},
journal = {Nature Nanotechnology},
year = {2011},
pages = {1--8},
month = aug
}

@article{Wang:2012fn,
author = {Wang, T and Zhuang, J and Lynch, J and Chen, O and Wang, Z and Wang, X and LaMontagne, D and Wu, H and Wang, Z and Cao, Y C},
title = {{Self-Assembled Colloidal Superparticles from Nanorods}},
journal = {Science},
year = {2012},
volume = {338},
number = {6105},
pages = {358--363},
month = oct
}

@article{Min:2008tu,
author = {Min, Y and Akbulut, M and Kristiansen, K and Golan, Y and Israelachvili, J},
title = {{The role of interparticle and external forces in nanoparticle assembly}},
journal = {Nature Materials},
year = {2008},
volume = {7},
number = {7},
pages = {527--538}
}

@article{Carbone:2007kg,
author = {Carbone, Luigi and Nobile, Concetta and De Giorgi, Milena and Sala, Fabio Della and Morello, Giovanni and Pompa, Pierpaolo and Hytch, Martin and Snoeck, Etienne and Fiore, Angela and Franchini, Isabella R and Nadasan, Monica and Silvestre, Albert F and Chiodo, Letizia and Kudera, Stefan and Cingolani, Roberto and Krahne, Roman and Manna, Liberato},
title = {{Synthesis and Micrometer-Scale Assembly of Colloidal CdSe/CdS Nanorods Prepared by a Seeded Growth Approach}},
journal = {Nano Lett.},
year = {2007},
volume = {7},
number = {10},
pages = {2942--2950},
month = oct
}

@article{Baranov:2010cr,
author = {Baranov, Dmitry and Fiore, Angela and van Huis, Marijn and Giannini, Cinzia and Falqui, Andrea and Lafont, Ugo and Zandbergen, Henny and Zanella, Marco and Cingolani, Roberto and Manna, Liberato},
title = {{Assembly of Colloidal Semiconductor Nanorods in Solution by Depletion Attraction}},
journal = {Nano Lett.},
year = {2010},
volume = {10},
number = {2},
pages = {743--749},
month = feb
}

@article{Glotzer:2007ib,
author = {Glotzer, Sharon C and Solomon, Michael J},
title = {{Anisotropy of building blocks and their assembly into complex structures.}},
journal = {Nature Materials},
year = {2007},
volume = {6},
number = {8},
pages = {557--562},
month = aug
}

@article{Anonymous:gKpobw2q,
title = {{Shape matters}},
year = {2012},
pages = {1--3},
month = jan
}

@article{Jones:2011ba,
author = {Jones, Matthew R and Macfarlane, Robert J and Prigodich, Andrew E and Patel, Pinal C and Mirkin, Chad A},
title = {{Nanoparticle shape anisotropy dictates the collective behavior of surface-bound ligands.}},
journal = {J. Am. Chem. Soc.},
year = {2011},
volume = {133},
number = {46},
pages = {18865--18869},
month = nov
}

@article{Talapin:2004ff,
author = {Talapin, Dmitri V and Shevchenko, Elena V and Murray, Christopher B and Kornowski, Andreas and F{\"o}rster, Stephan and Weller, Horst},
title = {{CdSe and CdSe/CdS Nanorod Solids}},
journal = {J. Am. Chem. Soc.},
year = {2004},
volume = {126},
number = {40},
pages = {12984--12988},
month = oct
}

@article{Baker:2010kv,
author = {Baker, Jessy L and Widmer-Cooper, Asaph and Toney, Michael F and Geissler, Phillip L and Alivisatos, A. P},
title = {{Device-Scale Perpendicular Alignment of Colloidal Nanorods}},
journal = {Nano Lett.},
year = {2010},
volume = {10},
number = {1},
pages = {195--201},
month = jan
}

@article{Zhuang:2008gl,
author = {Zhuang, Jiaqi and Wu, Huimeng and Yang, Yongan and Cao, Y Charles},
title = {{Controlling Colloidal Superparticle Growth Through Solvophobic Interactions}},
journal = {Angew. Chem. Int. Ed.},
year = {2008},
volume = {47},
number = {12},
pages = {2208--2212},
month = mar
}

@article{Zhuang:2007dk,
author = {Zhuang, Jiaqi and Wu, Huimeng and Yang, Yongan and Cao, Y Charles},
title = {{Supercrystalline Colloidal Particles from Artificial Atoms}},
journal = {J. Am. Chem. Soc.},
year = {2007},
volume = {129},
number = {46},
pages = {14166--14167},
month = nov
}

@article{Wang:2012ca,
author = {Wang, Tie and LaMontagne, Derek and Lynch, Jared and Zhuang, Jiaqi and Cao, Y Charles},
title = {{Colloidal superparticles from nanoparticle assembly}},
journal = {Chem. Soc. Rev.},
year = {2012}
}

@article{DeGreef:2009hb,
author = {De Greef, Tom F A and Smulders, Maarten M J and Wolffs, Martin and Schenning, Albert P H J and Sijbesma, Rint P and Meijer, E W},
title = {{Supramolecular Polymerization}},
journal = {Chem. Rev.},
year = {2009},
volume = {109},
number = {11},
pages = {5687--5754},
month = nov
}

@article{Hu:2001hs,
author = {Hu, J and Li Ls and Yang, W and Manna, L and Wang Lw and Alivisatos, A. P},
title = {{Linearly polarized emission from colloidal semiconductor quantum rods.}},
journal = {Science},
year = {2001},
volume = {292},
number = {5524},
pages = {2060--2063},
month = jun
}

@article{Mann:2009cy,
author = {Mann, Stephen},
title = {{Self-assembly and transformation of hybrid nano-objects and nanostructures under equilibrium and non-equilibrium conditions}},
journal = {Nature Materials},
year = {2009},
volume = {8},
number = {10},
pages = {781--792},
month = sep
}

@article{Zang:2008eu,
author = {Zang, Ling and Che, Yanke and Moore, Jeffrey S},
title = {{One-Dimensional Self-Assembly of Planar π-Conjugated Molecules: Adaptable Building Blocks for Organic Nanodevices}},
journal = {Acc. Chem. Res.},
year = {2008},
volume = {41},
number = {12},
pages = {1596--1608},
month = dec
}

@article{Che:2007ew,
author = {Che, Yanke and Datar, Aniket and Balakrishnan, Kaushik and Zang, Ling},
title = {{Ultralong Nanobelts Self-Assembled from an Asymmetric Perylene Tetracarboxylic Diimide}},
journal = {J. Am. Chem. Soc.},
year = {2007},
volume = {129},
number = {23},
pages = {7234--7235},
month = jun
}

@article{Qazi:2010ck,
author = {Qazi, S Junaid S and Karlsson, G{\"o}ran and Rennie, Adrian R},
title = {{Dispersions of plate-like colloidal particles -- Cubatic order?}},
journal = {Journal of Colloid And Interface Science},
year = {2010},
volume = {348},
number = {1},
pages = {80--84},
month = aug
}

@article{Datar:2006jv,
author = {Datar, Aniket and Balakrishnan, Kaushik and Yang, Xiaomei and Zuo, Xiaobing and Huang, Jialing and Oitker, Randy and Yen, Max and Zhao, Jincai and Tiede, David M and Zang, Ling},
title = {{Linearly Polarized Emission of an Organic Semiconductor Nanobelt}},
journal = {J. Phys. Chem. B},
year = {2006},
volume = {110},
number = {25},
pages = {12327--12332},
month = jun
}

@article{Duncan:2011ia,
author = {Duncan, Peter and Masters, Andrew and Wilson, Mark},
title = {{Thermodynamic stability of the cubatic phase of hard cut spheres evaluated by expanded ensemble simulations}},
journal = {Phys. Rev. E},
year = {2011},
volume = {84},
number = {1},
month = jul
}

@article{Veerman:1992wha,
author = {Veerman, JAC and Frenkel, D},
title = {{Phase behavior of disklike hard-core mesogens}},
journal = {Phys. Rev., A},
year = {1992},
volume = {45},
number = {8},
pages = {5632}
}

@article{Wang:2012dp,
author = {Wang, Tie and Wang, Xirui and LaMontagne, Derek and Wang, Zhongliang and Wang, Zhongwu and Cao, Y Charles},
title = {{Shape-Controlled Synthesis of Colloidal Superparticles from Nanocubes}},
journal = {J. Am. Chem. Soc.},
year = {2012},
pages = {121030074635004},
month = oct
}

@article{Ithurria:2011bi,
author = {Ithurria, S and Bousquet, G and Dubertret, B},
title = {{Continuous Transition from 3D to 1D Confinement Observed during the Formation of CdSe Nanoplatelets}},
journal = {J. Am. Chem. Soc.},
year = {2011},
volume = {133},
number = {9},
pages = {3070--3077},
month = mar
}

@article{Ithurria:2008fz,
author = {Ithurria, Sandrine and Dubertret, Benoit},
title = {{Quasi 2D Colloidal CdSe Platelets with Thicknesses Controlled at the Atomic Level}},
journal = {J. Am. Chem. Soc.},
year = {2008},
volume = {130},
number = {49},
pages = {16504--16505},
month = dec
}

@article{Li:2011db,
author = {Li, Zheng and Peng, Xiaogang},
title = {{Size/Shape-Controlled Synthesis of Colloidal CdSe Quantum Disks: Ligand and Temperature Effects}},
journal = {J. Am. Chem. Soc.},
year = {2011},
volume = {133},
number = {17},
pages = {6578--6586},
month = may
}

@article{Du:2008eu,
author = {Du, Xu-Sheng and Mo, Maosong and Zheng, Rongkun and Lim, Szu-Hui and Meng, Yuezhong and Mai, Yiu-Wing},
title = {{Shape-Controlled Synthesis and Assembly of Copper Sulfide Nanoparticles}},
journal = {Crystal Growth {\&} Design},
year = {2008},
volume = {8},
number = {6},
pages = {2032--2035},
month = jun
}

@article{Zhuang:2009ki,
author = {Zhuang, Jiaqi and Shaller, Andrew D and Lynch, Jared and Wu, Huimeng and Chen, Ou and Li, Alexander D Q and Cao, Y Charles},
title = {{Cylindrical Superparticles from Semiconductor Nanorods}},
journal = {J. Am. Chem. Soc.},
year = {2009},
volume = {131},
number = {17},
pages = {6084--6085},
month = may
}

@article{Henzie:2011el,
author = {Henzie, Joel and Gr{\"u}nwald, Michael and Widmer-Cooper, Asaph and Geissler, Phillip L and Yang, Peidong},
title = {{Self-assembly of uniform polyhedral silver nanocrystals into densest packings and exotic superlattices}},
journal = {Nature Materials},
year = {2011},
volume = {10},
number = {12},
pages = {1--7},
month = nov
}

@article{Geyer:2012he,
author = {Geyer, Tiham{\'e}r and Born, Philip and Kraus, Tobias},
title = {{Switching Between Crystallization and Amorphous Agglomeration of Alkyl Thiol-Coated Gold Nanoparticles}},
journal = {Phys. Rev. Lett.},
year = {2012},
volume = {109},
number = {12},
pages = {128302},
month = sep
}

@article{Nie:2009bp,
author = {Nie, Zhihong and Petukhova, Alla and Kumacheva, Eugenia},
title = {{Properties and emerging applications of self-assembled structures made from inorganic nanoparticles}},
journal = {Nature Nanotechnology},
year = {2009},
volume = {5},
number = {1},
pages = {15--25},
month = dec
}

@article{Inoue:2002hb,
author = {Inoue, S and Shimomura, O and Goda, M and Shribak, M and Tran, PT},
title = {{Fluorescence polarization of green fluorescence protein}},
journal = {Proc. Natl. Acad. Sci. U.S.A.},
year = {2002},
volume = {99},
number = {7},
pages = {4272--4277}
}

@article{Ithurria:2011jt,
author = {Ithurria, S and Tessier, M D and Mahler, B and Lobo, R P S M and Dubertret, B and Al L Efros},
title = {{Colloidal nanoplatelets with two-dimensional electronic structure}},
journal = {Nature Materials},
year = {2011},
volume = {10},
number = {10},
pages = {1--6},
month = oct
}

@article{Yang:2005kc,
author = {Yang, Yongan Andrew and Wu, Huimeng and Williams, Kathryn R and Cao, Y Charles},
title = {{Synthesis of CdSe and CdTe Nanocrystals without Precursor Injection}},
journal = {Angew. Chem.},
year = {2005},
volume = {117},
number = {41},
pages = {6870--6873},
month = oct
}

@article{Paik:2011if,
author = {Paik, Taejong and Ko, Dong-Kyun and Gordon, Thomas R and Doan-Nguyen, Vicky and Murray, Christopher B},
title = {{Studies of Liquid Crystalline Self-Assembly of GdF 3Nanoplates by In-Plane, Out-of-Plane SAXS}},
journal = {ACS Nano},
year = {2011},
volume = {5},
number = {10},
pages = {8322--8330},
month = oct
}

@article{Damasceno:2012gi,
author = {Damasceno, P F and Engel, M and Glotzer, S C},
title = {{Predictive Self-Assembly of Polyhedra into Complex Structures}},
journal = {Science},
year = {2012},
volume = {337},
number = {6093},
pages = {453--457},
month = jul
}

@article{Tang:2002fv,
author = {Tang, Z},
title = {{Spontaneous Organization of Single CdTe Nanoparticles into Luminescent Nanowires}},
journal = {Science},
year = {2002},
volume = {297},
number = {5579},
pages = {237--240},
month = jul
}

